<record><leader>00000cas a22000007a 4500</leader><controlfield tag="001">12656602</controlfield><controlfield tag="008">851010d18911905wiuwr ne      0    0eng d</controlfield><datafield ind1=" " ind2=" " tag="010"><subfield code="a">sn 85041216 </subfield></datafield><datafield ind1=" " ind2=" " tag="040"><subfield code="a">NPV</subfield><subfield code="b">eng</subfield><subfield code="c">NPV</subfield><subfield code="d">KRTAS</subfield><subfield code="d">OCLCQ</subfield></datafield><datafield ind1=" " ind2=" " tag="042"><subfield code="a">msc</subfield></datafield><datafield ind1=" " ind2=" " tag="045"><subfield code="a">w9x0</subfield></datafield><datafield ind1=" " ind2=" " tag="052"><subfield code="a">4123</subfield><subfield code="b">W2</subfield></datafield><datafield ind1="0" ind2=" " tag="130"><subfield code="a">Blade (Elkhorn, Wis.)</subfield></datafield><datafield ind1="1" ind2="4" tag="245"><subfield code="a">The blade.</subfield></datafield><datafield ind1="1" ind2="3" tag="246"><subfield code="a">Walworth Co. blade</subfield></datafield><datafield ind1=" " ind2=" " tag="260"><subfield code="a">Elkhorn, Wis. :</subfield><subfield code="b">C.E. Badger,</subfield><subfield code="c">1891-</subfield></datafield><datafield ind1=" " ind2=" " tag="300"><subfield code="a">v.</subfield></datafield><datafield ind1=" " ind2=" " tag="310"><subfield code="a">Weekly</subfield></datafield><datafield ind1="0" ind2=" " tag="362"><subfield code="a">Vol. 1, no. 1 (Apr. 17, 1891)-</subfield></datafield><datafield ind1="1" ind2=" " tag="362"><subfield code="a">Ceased with Nov. 28, 1905 issue?</subfield><subfield code="z">Cf. Gregory, Wm. Amer. newspapers.</subfield></datafield><datafield ind1=" " ind2=" " tag="500"><subfield code="a">Editors: A.E. Pauley, Feb. 28, 1899-Jan. 24, 1900; W.C. Taylor, Feb. 6, 1900-Jan. 23, 1901; L.R. Willoughby, Feb. 13-May 8, 1901; L.K. Alden, Oct. 10-&lt;Nov. 28, 1905&gt;.</subfield></datafield><datafield ind1=" " ind2=" " tag="530"><subfield code="a">Available on microfilm from the State Historical Society of Wisconsin.</subfield></datafield><datafield ind1=" " ind2=" " tag="752"><subfield code="a">United States</subfield><subfield code="b">Wisconsin</subfield><subfield code="c">Walworth</subfield><subfield code="d">Elkhorn.</subfield></datafield><datafield ind1=" " ind2=" " tag="938"><subfield code="a">Kirtas Technologies, Inc.</subfield><subfield code="b">KRTS</subfield><subfield code="n">739415</subfield></datafield><datafield ind1="1" ind2=" " tag="029"><subfield code="a">AU@</subfield><subfield code="b">000025811487</subfield></datafield></record>